<?xml version="1.0" encoding="UTF-8"?><collection xmlns="http://www.loc.gov/MARC21/slim"><record><leader>00424nam--2200121-i-4500</leader><controlfield tag="001">000020077</controlfield><controlfield tag="002">20161230</controlfield><controlfield tag="005">20161230201033</controlfield><controlfield tag="008">060222s1000------------r-----000-0-eng-d</controlfield><datafield ind1=" " ind2=" " tag="080"><subfield code="a">621.039(498):34(498)</subfield></datafield><datafield ind1=" " ind2=" " tag="245"><subfield code="a">Consiliul de stat:legislatia economica si financiara:nr.36:legea nr.6/1982 privind asigurarea calitatii obiectivelor si instalatiilor nucleare</subfield></datafield><datafield ind1=" " ind2=" " tag="260"><subfield code="a">Bucuresti, Consiliul De Stat, 1983. 29 P</subfield></datafield><datafield ind1=" " ind2=" " tag="852"><subfield code="a">70698</subfield></datafield></record></collection>